@online{PointShadows,
  author = {LearnOpenGL - Joey de Vries},
  title  = {Point Shadows - Advanced Lighting | LearnOpenGL},
  howpublished   = {\url{https://learnopengl.com/Advanced-Lighting/Shadows/Point-Shadows}},
}

@online{Floyd-Steinberg,
  author = {Wikipedia},
  title  = {Floydâ€“Steinberg dithering - Wikipedia},
  note   = {\url{https://en.wikipedia.org/wiki/Floyd%E2%80%93Steinberg_dithering}},
}

@online{TextureOptimizations,
  author = {User mhagain},
  title  = {Answer on khronos forum},
  note   = {\url{https://community.khronos.org/t/updating-textures-per-frame/75020/3}},
}

@online{Painterly,
  author = {Amelia Carolina Sparavigna1 and Roberto Marazzato},
  title = {Non-photorealistic image processing: an Impressionist rendering},
  note = {\url{https://arxiv.org/pdf/0911.4874.pdf}}
}

@online{Sobel,
  author = {Wikipedia},
  title = {Sobel operator - Wikipedia},
  note = {\url{https://en.wikipedia.org/wiki/Sobel_operator}}
}

@online{Bump,
  author = {LearnOpenGL - Joey de Vries},
  title = {Normal Mapping | LearnOpenGL},
  note = {\url{https://learnopengl.com/Advanced-Lighting/Normal-Mapping}}
}

@online{Parallax,
  author = {LearnOpenGL - Joey de Vries},
  title = {Parallax Mapping | LearnOpenGL},
  note = {\url{https://learnopengl.com/Advanced-Lighting/Parallax-Mapping}}
}